@article{McKinnonEtAl_16,
  title = {The Changing Shape of {{Northern Hemisphere}} Summer Temperature Distributions},
  author = {McKinnon, Karen A. and Rhines, Andrew and Tingley, Martin P. and Huybers, Peter},
  year = {2016},
  journal = {Journal of Geophysical Research: Atmospheres},
  volume = {121},
  number = {15},
  pages = {8849--8868},
  issn = {2169-8996},
  doi = {10.1002/2016JD025292},
  langid = {english},
  annotation = {\_eprint: https://agupubs.onlinelibrary.wiley.com/doi/pdf/10.1002/2016JD025292}
}

@article{Du_23,
  title = {Plotting and Fitting Power-Laws},
  author = {D\`u, Ryan Sh\`iji\'e},
  year = {2023},
  journal = {Personal Notes},
}

@article{Tibshirani_18,
  title = {Nonparametric {{Regression}} and {{Classification}}},
  author = {Tibshirani, Ryan},
  year = {2018},
  langid = {english}
}

@misc{FalascaEtAl_22,
  title = {Exploring the Non-Stationarity of Coastal Sea Level Probability Distributions},
  author = {Falasca, Fabrizio and Brettin, Andrew and Zanna, Laure and Griffies, Stephen M. and Yin, Jianjun and Zhao, Ming},
  year = {2022},
  month = nov,
  number = {arXiv:2211.04608},
  eprint = {2211.04608},
  eprinttype = {arxiv},
  primaryclass = {physics},
  publisher = {{arXiv}},
  doi = {10.48550/arXiv.2211.04608},
  archiveprefix = {arXiv}
}

@book{Bishop_06,
  title = {Pattern {{Recognition}} and {{Machine Learning}}},
  author = {Bishop, Christopher M.},
  year = {2006},
  month = aug,
  publisher = {{Springer}},
  googlebooks = {qWPwnQEACAAJ},
  isbn = {978-0-387-31073-2},
  langid = {english}
}

@article{TankKonnen_03,
  title = {Trends in {{Indices}} of {{Daily Temperature}} and {{Precipitation Extremes}} in {{Europe}}, 1946\textendash 99},
  author = {Tank, A. M. G. Klein and K{\"o}nnen, G. P.},
  year = {2003},
  month = nov,
  journal = {Journal of Climate},
  volume = {16},
  number = {22},
  pages = {3665--3680},
  publisher = {{American Meteorological Society}},
  issn = {0894-8755, 1520-0442},
  doi = {10.1175/1520-0442(2003)016<3665:TIIODT>2.0.CO;2},
  chapter = {Journal of Climate},
  langid = {english}
}

@article{TabakTrigila_18,
  title = {Explanation of {{Variability}} and {{Removal}} of {{Confounding Factors}} from {{Data}} through {{Optimal Transport}}},
  author = {Tabak, Esteban G. and Trigila, Giulio},
  year = {2018},
  journal = {Communications on Pure and Applied Mathematics},
  volume = {71},
  number = {1},
  pages = {163--199},
  issn = {1097-0312},
  doi = {10.1002/cpa.21706},
  langid = {english},
  annotation = {\_eprint: https://onlinelibrary.wiley.com/doi/pdf/10.1002/cpa.21706}
}
