@book{SuliMayers_03,
  title = {An {{Introduction}} to {{Numerical Analysis}}},
  author = {S{\"u}li, Endre and Mayers, David F.},
  year = {2003},
  publisher = {{Cambridge University Press}},
  address = {{Cambridge}},
  doi = {10.1017/CBO9780511801181},
  isbn = {978-0-521-00794-8}
}

@article{DuBuhler_23,
  title = {The impact of frequency bandwidth on a one-dimensional model for dispersive wave turbulence},
  author = {D\`u, Ryan Sh\`iji\'e and B{\"u}hler, Oliver},
  year = {2023},
  journal = {Submitted},
}

@article{MilewskiTabak_99,
  title = {A {{PseudoSpectral Procedure}} for the {{Solution}} of {{Nonlinear Wave Equations}} with {{Examples}} from {{Free-Surface Flows}}},
  author = {Milewski, Paul A. and Tabak, Esteban G.},
  year = {1999},
  month = jan,
  journal = {SIAM Journal on Scientific Computing},
  volume = {21},
  number = {3},
  pages = {1102--1114},
  publisher = {{Society for Industrial and Applied Mathematics}},
  issn = {1064-8275},
  doi = {10.1137/s1064827597321532}
}

@book{Frisch_95,
  title = {Turbulence: {{The}} Legacy of {{A}}. {{N}}. {{Kolmogorov}}},
  author = {Frisch, Uriel},
  year = {1995},
  publisher = {{Cambridge University Press}},
  address = {{Cambridge}},
  doi = {10.1017/CBO9781139170666}
}

